<record><leader>00000cas a22000007a 4500</leader><controlfield tag="001">22039517</controlfield><controlfield tag="008">900716d19221927mouwr ne      0    0eng d</controlfield><datafield ind1=" " ind2=" " tag="010"><subfield code="a">sn 90061454 </subfield></datafield><datafield ind1=" " ind2=" " tag="040"><subfield code="a">MQN</subfield><subfield code="b">eng</subfield><subfield code="c">MQN</subfield><subfield code="d">OCLCQ</subfield><subfield code="d">OCLCF</subfield><subfield code="d">OCLCO</subfield></datafield><datafield ind1=" " ind2=" " tag="042"><subfield code="a">msc</subfield></datafield><datafield ind1=" " ind2=" " tag="043"><subfield code="a">n-us-mo</subfield></datafield><datafield ind1="0" ind2="0" tag="245"><subfield code="a">Missouri Valley independent.</subfield></datafield><datafield ind1=" " ind2=" " tag="260"><subfield code="a">St. Joseph, Mo. :</subfield><subfield code="b">Missouri Valley Print. and Pub. Co.,</subfield><subfield code="c">-1927.</subfield></datafield><datafield ind1=" " ind2=" " tag="300"><subfield code="a">v.</subfield></datafield><datafield ind1=" " ind2=" " tag="310"><subfield code="a">Weekly</subfield></datafield><datafield ind1="1" ind2=" " tag="362"><subfield code="a">Began in Sept. 1922?</subfield></datafield><datafield ind1="0" ind2=" " tag="362"><subfield code="a">-v. 6, no. 10 (Nov. 24, 1927).</subfield></datafield><datafield ind1=" " ind2=" " tag="588"><subfield code="a">Description based on: Vol. 1, no. 15 (Jan. 4, 1923).</subfield></datafield><datafield ind1=" " ind2="0" tag="650"><subfield code="a">Secret societies</subfield><subfield code="z">Missouri</subfield><subfield code="z">Saint Joseph.</subfield></datafield><datafield ind1="2" ind2="0" tag="610"><subfield code="a">Ku Klux Klan (1915- )</subfield><subfield code="z">Missouri</subfield><subfield code="z">Saint Joseph.</subfield></datafield><datafield ind1="2" ind2="7" tag="610"><subfield code="a">Ku Klux Klan (1915- )</subfield><subfield code="2">fast</subfield><subfield code="0">(OCoLC)fst00545624</subfield></datafield><datafield ind1=" " ind2="7" tag="650"><subfield code="a">Secret societies.</subfield><subfield code="2">fast</subfield><subfield code="0">(OCoLC)fst01110663</subfield></datafield><datafield ind1=" " ind2="7" tag="651"><subfield code="a">Missouri</subfield><subfield code="z">Saint Joseph.</subfield><subfield code="2">fast</subfield><subfield code="0">(OCoLC)fst01211419</subfield></datafield><datafield ind1=" " ind2=" " tag="752"><subfield code="a">United States</subfield><subfield code="b">Missouri</subfield><subfield code="c">Buchanan</subfield><subfield code="d">Saint Joseph.</subfield></datafield><datafield ind1="0" ind2="0" tag="785"><subfield code="t">Fraternalist</subfield><subfield code="w">(DLC)sn 90061455</subfield></datafield></record>